<collection xmlns="http://www.loc.gov/MARC21/slim">
  <record>
    <controlfield tag="001">1050</controlfield>
    <datafield tag="024" ind1="7" ind2=" ">
      <subfield code="a">10.7483/OPENDATA.CMS.WTXQ.PCF8</subfield>
      <subfield code="2">DOI</subfield>
    </datafield>
    <datafield tag="110" ind1=" " ind2=" ">
      <subfield code="a">CMS Collaboration</subfield>
      <subfield code="w">451</subfield>
    </datafield>
    <datafield tag="245" ind1=" " ind2=" ">
      <subfield code="a">CMS luminosity information, for 2010 CMS open data</subfield>
    </datafield>
    <datafield tag="260" ind1=" " ind2=" ">
      <subfield code="b">CERN Open Data Portal</subfield>
      <subfield code="c">2017</subfield>
    </datafield>
    <datafield tag="264" ind1=" " ind2="0">
      <subfield code="c">2010</subfield>
    </datafield>
    <datafield tag="520" ind1=" " ind2=" ">
      <subfield code="a"><![CDATA[ <p>The integrated luminosity for validated runs and luminosity sections of the 2010 public data (RunB) is available in the table <a href="/record/1050/files/2010RunBlumi.txt">2010RunBlumi.txt</a>. (The integrated luminosity for validated runs and luminosity sections of all 2010 p-p data taking is available in <a href="/record/1050/files/2010lumi.txt">2010lumi.txt</a>.)</p> <p>In your estimate for the integrated luminosity, check for which runs the trigger you have selected is active and sum the values for those runs. The uncertainty in the luminosity measurement of 2010 data should be considered as 11% (reference <a href="https://cds.cern.ch/record/1279145/files/EWK-10-004-pas.pdf">CMS PAS EWK-10-004</a>).</p> <p>The detailed list of luminosity by lumi section is in <a href="/record/1050/files/2010lumibyls.csv">2010lumibyls.csv</a> for the <a href="/record/1000">list of validated runs</a> and lumi sections.</p> ]]></subfield>
    </datafield>
    <datafield tag="693" ind1=" " ind2=" ">
      <subfield code="a">CERN-LHC</subfield>
      <subfield code="e">CMS</subfield>
    </datafield>
    <datafield tag="964" ind1=" " ind2="0">
      <subfield code="c">Run2010B</subfield>
    </datafield>
    <datafield tag="980" ind1=" " ind2=" ">
      <subfield code="a">CMS-Luminosity-Information</subfield>
    </datafield>
    <datafield tag="980" ind1=" " ind2=" ">
      <subfield code="b">Research</subfield>
    </datafield>
    <datafield tag="FFT" ind1=" " ind2=" ">
      <subfield code="a">/tmp/opendata.cern.ch-fft-file-cache/cms-luminosity-information/2010lumi.txt</subfield>
    </datafield>
    <datafield tag="FFT" ind1=" " ind2=" ">
      <subfield code="a">/tmp/opendata.cern.ch-fft-file-cache/cms-luminosity-information/2010RunBlumi.txt</subfield>
    </datafield>
    <datafield tag="FFT" ind1=" " ind2=" ">
      <subfield code="a">/tmp/opendata.cern.ch-fft-file-cache/cms-luminosity-information/2010lumibyls.csv</subfield>
    </datafield>
  </record>