
  <record>
    <controlfield tag="001">1051</controlfield>
    <datafield tag="024" ind1="7" ind2=" ">
      <subfield code="a">10.7483/OPENDATA.CMS.FPPH.Q7S2</subfield>
      <subfield code="2">DOI</subfield>
    </datafield>
    <datafield tag="110" ind1=" " ind2=" ">
      <subfield code="a">CMS Collaboration</subfield>
      <subfield code="w">451</subfield>
    </datafield>
    <datafield tag="245" ind1=" " ind2=" ">
      <subfield code="a">CMS luminosity information, for 2011 CMS open data</subfield>
    </datafield>
    <datafield tag="260" ind1=" " ind2=" ">
      <subfield code="b">CERN Open Data Portal</subfield>
      <subfield code="c">2017</subfield>
    </datafield>
    <datafield tag="264" ind1=" " ind2="0">
      <subfield code="c">2011</subfield>
    </datafield>
    <datafield tag="520" ind1=" " ind2=" ">
      <subfield code="a"><![CDATA[ <p>The integrated luminosity for validated runs and luminosity sections of the 2011 public data (RunA) is available in the table <a href="/record/1051/files/2011RunAlumi.txt">2011RunAlumi.txt</a>. (The integrated luminosity for validated runs and luminosity sections of all 2011 p-p data taking is available in <a href="/record/1051/files/2011lumi.txt">2011lumi.txt</a>.)</p>
<p>In your estimate for the integrated luminosity, check for which runs the trigger you have selected is active and sum the values for those runs. The uncertainty in the luminosity measurement of 2011 data should be considered as 2.2% (reference <a href="https://cds.cern.ch/record/1434360/files/SMP-12-008-pas.pdf">CMS PAS SMP-12-008</a>).</p>
<p>If you are using prescaled triggers, you can find the HLT trigger prescale factors for different run ranges in trigger configuration files listed in <a href="http://opendata.cern.ch/record/1700">this record</a> (under "PrescaleService"). Note that these factors may change during a run, and the change of prescales (run, lumi section, index of prescales) is recorded in
<a href="/record/1051/files/prescale2011.txt">prescale2011.txt</a>. In this case you may also need detailed list of luminosity by lumi section in <a href="/record/1051/files/2011lumibyls.csv">2011lumibyls.csv</a> for the <a href="/record/1001">list of validated runs</a> and lumi sections.</p> ]]></subfield>
    </datafield>
    <datafield tag="693" ind1=" " ind2=" ">
      <subfield code="a">CERN-LHC</subfield>
      <subfield code="e">CMS</subfield>
    </datafield>
    <datafield tag="964" ind1=" " ind2="0">
      <subfield code="c">Run2011A</subfield>
    </datafield>
    <datafield tag="980" ind1=" " ind2=" ">
      <subfield code="a">CMS-Luminosity-Information</subfield>
    </datafield>
    <datafield tag="980" ind1=" " ind2=" ">
      <subfield code="b">Research</subfield>
    </datafield>
    <datafield tag="FFT" ind1=" " ind2=" ">
      <subfield code="a">/tmp/opendata.cern.ch-fft-file-cache/cms-luminosity-information/2011lumi.txt</subfield>
    </datafield>
    <datafield tag="FFT" ind1=" " ind2=" ">
      <subfield code="a">/tmp/opendata.cern.ch-fft-file-cache/cms-luminosity-information/2011RunAlumi.txt</subfield>
    </datafield>
    <datafield tag="FFT" ind1=" " ind2=" ">
      <subfield code="a">/tmp/opendata.cern.ch-fft-file-cache/cms-luminosity-information/2011lumibyls.csv</subfield>
    </datafield>
    <datafield tag="FFT" ind1=" " ind2=" ">
      <subfield code="a">/tmp/opendata.cern.ch-fft-file-cache/cms-luminosity-information/prescale2011.txt</subfield>
    </datafield>
  </record>
</collection>
